@inproceedings{lewis1998naive,
  title={Naive (Bayes) at forty: The independence assumption in information retrieval},
  author={Lewis, David D},
  booktitle={European conference on machine learning},
  pages={4--15},
  year={1998},
  organization={Springer}
}

@article{domingos1997optimality,
  title={On the optimality of the simple Bayesian classifier under zero-one loss},
  author={Domingos, Pedro and Pazzani, Michael},
  journal={Machine learning},
  volume={29},
  number={2-3},
  pages={103--130},
  year={1997},
  publisher={Springer}
}

@book{duda1973pattern,
  title={Pattern classification and scene analysis},
  author={Duda, Richard O and Hart, Peter E and Stork, David G},
  volume={3},
  year={1973},
  publisher={Wiley New York}
}

@incollection{dougherty1995supervised,
  title={Supervised and unsupervised discretization of continuous features},
  author={Dougherty, James and Kohavi, Ron and Sahami, Mehran},
  booktitle={Machine Learning Proceedings 1995},
  pages={194--202},
  year={1995},
  publisher={Elsevier}
}

@inproceedings{huang2003comparing,
  title={Comparing naive Bayes, decision trees, and SVM with AUC and accuracy},
  author={Huang, Jin and Lu, Jingjing and Ling, Charles X},
  booktitle={Third IEEE International Conference on Data Mining},
  pages={553--556},
  year={2003},
  organization={IEEE}
}



@article{zhang2004optimality,
  title={The optimality of naive Bayes},
  author={Zhang, Harry},
  journal={AA},
  volume={1},
  number={2},
  pages={3},
  year={2004}
}

@article{dhaene2006risk,
  title={Risk measures and comonotonicity: a review},
  author={Dhaene, Jan and Vanduffel, Steven and Goovaerts, Marc J and Kaas, Rob and Tang, Qihe and Vyncke, David},
  journal={Stochastic models},
  volume={22},
  number={4},
  pages={573--606},
  year={2006},
  publisher={Taylor \& Francis}
}

@inproceedings{domingos1996beyond,
  title={Beyond independence: Conditions for the optimality of the simple bayesian classi er},
  author={Domingos, Pedro and Pazzani, Michael},
  booktitle={Proc. 13th Intl. Conf. Machine Learning},
  pages={105--112},
  year={1996}
}

@article{zaidi2013alleviating,
  title={Alleviating naive Bayes attribute independence assumption by attribute weighting},
  author={Zaidi, Nayyar A and Cerquides, Jes{\'u}s and Carman, Mark J and Webb, Geoffrey I},
  journal={The Journal of Machine Learning Research},
  volume={14},
  number={1},
  pages={1947--1988},
  year={2013},
  publisher={JMLR. org}
}

@article{zheng2005comparative,
  title={A comparative study of semi-naive bayes methods in classification learning},
  author={Zheng, Fei and Webb, Geoffrey I},
  journal={AUSDM05},
  year={2005}
}

@inproceedings{hall2006decision,
  title={A decision tree-based attribute weighting filter for naive Bayes},
  author={Hall, Mark},
  booktitle={International Conference on Innovative Techniques and Applications of Artificial Intelligence},
  pages={59--70},
  year={2006},
  organization={Springer}
}

@article{quinlan1986induction,
  title={Induction of decision trees},
  author={Quinlan, J. Ross},
  journal={Machine learning},
  volume={1},
  number={1},
  pages={81--106},
  year={1986},
  publisher={Springer}
}

@inproceedings{zhang2004learning,
  title={Learning weighted naive Bayes with accurate ranking},
  author={Zhang, Harry and Sheng, Shengli},
  booktitle={Fourth IEEE International Conference on Data Mining (ICDM'04)},
  pages={567--570},
  year={2004},
  organization={IEEE}
}

@misc{salzberg1994c4,
  title={C4. 5: Programs for machine learning by j. ross quinlan. morgan kaufmann publishers, inc., 1993},
  author={Salzberg, Steven L},
  year={1994},
  publisher={Springer}
}

@article{ruder2016overview,
  title={An overview of gradient descent optimization algorithms},
  author={Ruder, Sebastian},
  journal={arXiv preprint arXiv:1609.04747},
  year={2016}
}

@incollection{pazzani1998constructive,
  title={Constructive induction of Cartesian product attributes},
  author={Pazzani, Michael J},
  booktitle={Feature Extraction, Construction and Selection},
  pages={341--354},
  year={1998},
  publisher={Springer}
}

@incollection{langley1994induction,
  title={Induction of selective Bayesian classifiers},
  author={Langley, Pat and Sage, Stephanie},
  booktitle={Uncertainty Proceedings 1994},
  pages={399--406},
  year={1994},
  publisher={Elsevier}
}

@article{hall2000correlation,
  title={Correlation-based feature selection of discrete and numeric class machine learning},
  author={Hall, Mark A},
  year={2000},
  publisher={University of Waikato, Department of Computer Science}
}

@article{boulle2007compression,
  title={Compression-based averaging of selective naive Bayes classifiers},
  author={Boull{\'e}, Marc},
  journal={Journal of Machine Learning Research},
  volume={8},
  number={Jul},
  pages={1659--1685},
  year={2007}
}

@article{friedman1997bayesian,
  title={Bayesian network classifiers},
  author={Friedman, Nir and Geiger, Dan and Goldszmidt, Moises},
  journal={Machine learning},
  volume={29},
  number={2-3},
  pages={131--163},
  year={1997},
  publisher={Springer}
}

@inproceedings{keogh1999learning,
  title={Learning augmented Bayesian classifiers: A comparison of distribution-based and classification-based approaches.},
  author={Keogh, Eamonn J and Pazzani, Michael J},
  booktitle={AIStats},
  year={1999},
  organization={Citeseer}
}

@article{webb2005not,
  title={Not so naive Bayes: aggregating one-dependence estimators},
  author={Webb, Geoffrey I and Boughton, Janice R and Wang, Zhihai},
  journal={Machine learning},
  volume={58},
  number={1},
  pages={5--24},
  year={2005},
  publisher={Springer}
}

@inproceedings{kohavi1996scaling,
  title={Scaling up the accuracy of naive-bayes classifiers: A decision-tree hybrid.},
  author={Kohavi, Ron},
  booktitle={Kdd},
  volume={96},
  pages={202--207},
  year={1996}
}

@article{zheng2000lazy,
  title={Lazy learning of Bayesian rules},
  author={Zheng, Zijian and Webb, Geoffrey I},
  journal={Machine Learning},
  volume={41},
  number={1},
  pages={53--84},
  year={2000},
  publisher={Springer}
}

@article{spirtes1991algorithm,
  title={An algorithm for fast recovery of sparse causal graphs},
  author={Spirtes, Peter and Glymour, Clark},
  journal={Social science computer review},
  volume={9},
  number={1},
  pages={62--72},
  year={1991},
  publisher={Sage Publications Sage CA: Thousand Oaks, CA}
}

@article{de2000new,
  title={A new approach for learning belief networks using independence criteria},
  author={De Campos, Luis M and Huete, Juan F},
  journal={International Journal of Approximate Reasoning},
  volume={24},
  number={1},
  pages={11--37},
  year={2000},
  publisher={Elsevier}
}

@article{cooper1992bayesian,
  title={A Bayesian method for the induction of probabilistic networks from data},
  author={Cooper, Gregory F and Herskovits, Edward},
  journal={Machine learning},
  volume={9},
  number={4},
  pages={309--347},
  year={1992},
  publisher={Springer}
}

@article{heckerman1995learning,
  title={Learning Bayesian networks: The combination of knowledge and statistical data},
  author={Heckerman, David and Geiger, Dan and Chickering, David M},
  journal={Machine learning},
  volume={20},
  number={3},
  pages={197--243},
  year={1995},
  publisher={Springer}
}

@inproceedings{lam1993using,
  title={Using causal information and local measures to learn Bayesian networks},
  author={Lam, Wai and Bacchus, Fahiem},
  booktitle={Uncertainty in Artificial Intelligence},
  pages={243--250},
  year={1993},
  organization={Elsevier}
}

@article{spiegelhalter1993bayesian,
  title={Bayesian analysis in expert systems},
  author={Spiegelhalter, David J and Dawid, A Philip and Lauritzen, Steffen L and Cowell, Robert G},
  journal={Statistical science},
  pages={219--247},
  year={1993},
  publisher={JSTOR}
}

@article{ye2020optimizing,
  title={Optimizing regularized cholesky score for order-based learning of bayesian networks},
  author={Ye, Qiaoling and Amini, Arash and Zhou, Qing},
  journal={IEEE transactions on pattern analysis and machine intelligence},
  year={2020},
  publisher={IEEE}
}

@article{gamez2011learning,
  title={Learning Bayesian networks by hill climbing: efficient methods based on progressive restriction of the neighborhood},
  author={G{\'a}mez, Jos{\'e} A and Mateo, Juan L and Puerta, Jos{\'e} M},
  journal={Data Mining and Knowledge Discovery},
  volume={22},
  number={1},
  pages={106--148},
  year={2011},
  publisher={Springer}
}

@article{chickering2002optimal,
  title={Optimal structure identification with greedy search},
  author={Chickering, David Maxwell},
  journal={Journal of machine learning research},
  volume={3},
  number={Nov},
  pages={507--554},
  year={2002}
}

@article{larranaga1996structure,
  title={Structure learning of Bayesian networks by genetic algorithms: A performance analysis of control parameters},
  author={Larranaga, Pedro and Poza, Mikel and Yurramendi, Yosu and Murga, Roberto H. and Kuijpers, Cindy M. H.},
  journal={IEEE transactions on pattern analysis and machine intelligence},
  volume={18},
  number={9},
  pages={912--926},
  year={1996},
  publisher={IEEE}
}

@inproceedings{teyssier2005ordering,
  title={Ordering-based search: a simple and effective algorithm for learning Bayesian networks},
  author={Teyssier, Marc and Koller, Daphne},
  booktitle={Proceedings of the Twenty-First Conference on Uncertainty in Artificial Intelligence},
  pages={584--590},
  year={2005}
}

@inproceedings{lee2017metaheuristics,
  title={Metaheuristics for score-and-search Bayesian network structure learning},
  author={Lee, Colin and van Beek, Peter},
  booktitle={Canadian Conference on Artificial Intelligence},
  pages={129--141},
  year={2017},
  organization={Springer}
}

@book{pearl2014probabilistic,
  title={Probabilistic reasoning in intelligent systems: networks of plausible inference},
  author={Pearl, Judea},
  year={2014},
  publisher={Elsevier}
}

@incollection{deelstra2011overview,
  title={An overview of comonotonicity and its applications in finance and insurance},
  author={Deelstra, Griselda and Dhaene, Jan and Vanmaele, Michele},
  booktitle={Advanced mathematical methods for finance},
  pages={155--179},
  year={2011},
  publisher={Springer}
}

@article{jouini2004conditional,
  title={Conditional comonotonicity},
  author={Jouini, Ely{\`e}s and Napp, Clotilde},
  journal={Decisions in Economics and Finance},
  volume={27},
  number={2},
  pages={153--166},
  year={2004},
  publisher={Springer}
}

@article{shannon2001mathematical,
  title={A mathematical theory of communication},
  author={Shannon, Claude Elwood},
  journal={ACM SIGMOBILE mobile computing and communications review},
  volume={5},
  number={1},
  pages={3--55},
  year={2001},
  publisher={ACM New York, NY, USA}
}

@article{lee1988thirteen,
  title={Thirteen ways to look at the correlation coefficient},
  author={Lee Rodgers, Joseph and Nicewander, W Alan},
  journal={The American Statistician},
  volume={42},
  number={1},
  pages={59--66},
  year={1988},
  publisher={Taylor \& Francis Group}
}

@article{spearman1961proof,
  title={The proof and measurement of association between two things.},
  author={Spearman, Charles},
  year={1961},
  publisher={Appleton-Century-Crofts}
}

@article{kendall1938new,
  title={A new measure of rank correlation},
  author={Kendall, Maurice G},
  journal={Biometrika},
  volume={30},
  number={1/2},
  pages={81--93},
  year={1938},
  publisher={JSTOR}
}

@article{jain1999data,
  title={Data clustering: a review},
  author={Jain, Anil K and Murty, M Narasimha and Flynn, Patrick J},
  journal={ACM computing surveys (CSUR)},
  volume={31},
  number={3},
  pages={264--323},
  year={1999},
  publisher={Acm New York, NY, USA}
}

@book{kaufman1990finding,
  title={Finding groups in data: an introduction to cluster analysis},
  author={Kaufman, Leonard and Rousseeuw, Peter J},
  volume={344},
  year={1990},
  publisher={John Wiley \& Sons}
}

@inproceedings{catlett1991changing,
  title={On changing continuous attributes into ordered discrete attributes},
  author={Catlett, Jason},
  booktitle={European working session on learning},
  pages={164--178},
  year={1991},
  organization={Springer}
}

@article{fayyad1993multi,
  title={Multi-interval discretization of continuous-valued attributes for classification learning},
  author={Fayyad, Usama and Irani, Keki},
  year={1993}
}

@book{han2011data,
  title={Data mining: concepts and techniques},
  author={Han, Jiawei and Pei, Jian and Kamber, Micheline},
  year={2011},
  publisher={Elsevier}
}

@article{fernandez2018smote,
  title={SMOTE for learning from imbalanced data: progress and challenges, marking the 15-year anniversary},
  author={Fern{\'a}ndez, Alberto and Garcia, Salvador and Herrera, Francisco and Chawla, Nitesh V},
  journal={Journal of artificial intelligence research},
  volume={61},
  pages={863--905},
  year={2018}
}

@article{kurita1991efficient,
  title={An efficient agglomerative clustering algorithm using a heap},
  author={Kurita, Takio},
  journal={Pattern Recognition},
  volume={24},
  number={3},
  pages={205--209},
  year={1991},
  publisher={Elsevier}
}

@article{zhang2008forecasting,
  title={Forecasting skewed biased stochastic ozone days: analyses, solutions and beyond},
  author={Zhang, Kun and Fan, Wei},
  journal={Knowledge and Information Systems},
  volume={14},
  number={3},
  pages={299--326},
  year={2008},
  publisher={Springer}
}

@misc{Dua:2019 ,
author = "Dua, Dheeru and Graff, Casey",
year = "2017",
title = "{UCI} Machine Learning Repository",
url = "http://archive.ics.uci.edu/ml",
institution = "University of California, Irvine, School of Information and Computer Sciences" }

@article{kubat1998machine,
  title={Machine learning for the detection of oil spills in satellite radar images},
  author={Kubat, Miroslav and Holte, Robert C and Matwin, Stan},
  journal={Machine learning},
  volume={30},
  number={2-3},
  pages={195--215},
  year={1998},
  publisher={Springer}
}


